% TODO

@Article{DBLP:journals/entcs/DolstraV02,
  author       = {Eelco Dolstra and Eelco Visser},
  title        = {Building Interpreters with Rewriting Strategies},
  year         = 2002,
  volume       = 65,
  number       = 3,
  pages        = {57-76},
  doi          = {10.1016/S1571-0661(04)80427-4},
  url          = {https://doi.org/10.1016/S1571-0661(04)80427-4},
  journal      = {Electron. Notes Theor. Comput. Sci.},
  timestamp    = {Fri, 12 Feb 2021 22:18:43 +0100},
  biburl       = {https://dblp.org/rec/journals/entcs/DolstraV02.bib},
  bibsource    = {dblp computer science bibliography,
                  https://dblp.org}
}

@Article{DBLP:journals/pacmpl/RouvoetKV21,
  author       = {Arjen Rouvoet and Robbert Krebbers and Eelco Visser},
  title        = {Intrinsically typed compilation with nameless
                  labels},
  year         = 2021,
  volume       = 5,
  number       = {{POPL}},
  pages        = {1-28},
  doi          = {10.1145/3434303},
  url          = {https://doi.org/10.1145/3434303},
  journal      = {Proc. {ACM} Program. Lang.},
  timestamp    = {Wed, 17 Feb 2021 08:54:05 +0100},
  biburl       =
                  {https://dblp.org/rec/journals/pacmpl/RouvoetKV21.bib},
  bibsource    = {dblp computer science bibliography,
                  https://dblp.org}
}

@InProceedings{DBLP:conf/cpp/RouvoetPKV20,
  author       = {Arjen Rouvoet and Casper Bach Poulsen and Robbert
                  Krebbers and Eelco Visser},
  title        = {Intrinsically-typed definitional interpreters for
                  linear, session-typed languages},
  year         = 2020,
  booktitle    = {Proceedings of the 9th {ACM} {SIGPLAN} International
                  Conference on Certified Programs and Proofs, {CPP}
                  2020, New Orleans, LA, USA, January 20-21, 2020},
  pages        = {284-298},
  doi          = {10.1145/3372885.3373818},
  url          = {https://doi.org/10.1145/3372885.3373818},
  crossref     = {DBLP:conf/cpp/2020},
  timestamp    = {Thu, 23 Jan 2020 16:12:31 +0100},
  biburl       = {https://dblp.org/rec/conf/cpp/RouvoetPKV20.bib},
  bibsource    = {dblp computer science bibliography,
                  https://dblp.org}
}

@proceedings{DBLP:conf/cpp/2020,
  editor    = {Jasmin Blanchette and
               Catalin Hritcu},
  title     = {Proceedings of the 9th {ACM} {SIGPLAN} International Conference on
               Certified Programs and Proofs, {CPP} 2020, New Orleans, LA, USA, January
               20-21, 2020},
  publisher = {{ACM}},
  year      = {2020},
  url       = {https://doi.org/10.1145/3372885},
  doi       = {10.1145/3372885},
  isbn      = {978-1-4503-7097-4},
  timestamp = {Thu, 29 Sep 2022 13:28:35 +0200},
  biburl    = {https://dblp.org/rec/conf/cpp/2020.bib},
  bibsource = {dblp computer science bibliography, https://dblp.org}
}

@InProceedings{DBLP:conf/oopsla/MensingAPV19,
  author       = {Adrian D. Mensing and Hendrik van Antwerpen and
                  Casper Bach Poulsen and Eelco Visser},
  title        = {From definitional interpreter to symbolic executor},
  year         = 2019,
  booktitle    = {Proceedings of the 4th {ACM} {SIGPLAN} International
                  Workshop on Meta-Programming Techniques and
                  Reflection, META@SPLASH 2019, Athens, Greece,
                  October 20, 2019},
  pages        = {11-20},
  doi          = {10.1145/3358502.3361269},
  url          = {https://doi.org/10.1145/3358502.3361269},
  crossref     = {DBLP:conf/oopsla/2019meta},
  timestamp    = {Mon, 12 Jul 2021 15:34:15 +0200},
  biburl       = {https://dblp.org/rec/conf/oopsla/MensingAPV19.bib},
  bibsource    = {dblp computer science bibliography,
                  https://dblp.org}
}

@proceedings{DBLP:conf/oopsla/2019meta,
  editor    = {Christophe Scholliers and
               Guido Chari},
  title     = {Proceedings of the 4th {ACM} {SIGPLAN} International Workshop on Meta-Programming
               Techniques and Reflection, META@SPLASH 2019, Athens, Greece, October
               20, 2019},
  publisher = {{ACM}},
  year      = {2019},
  url       = {https://doi.org/10.1145/3358502},
  doi       = {10.1145/3358502},
  isbn      = {978-1-4503-6985-5},
  timestamp = {Thu, 29 Sep 2022 13:28:57 +0200},
  biburl    = {https://dblp.org/rec/conf/oopsla/2019meta.bib},
  bibsource = {dblp computer science bibliography, https://dblp.org}
}


@article{DBLP:journals/software/WachsmuthKV14,
  author    = {Guido Wachsmuth and
               Gabri{\"{e}}l D. P. Konat and
               Eelco Visser},
  title     = {Language Design with the Spoofax Language Workbench},
  journal   = {{IEEE} Softw.},
  volume    = {31},
  number    = {5},
  pages     = {35--43},
  year      = {2014},
  url       = {https://doi.org/10.1109/MS.2014.100},
  doi       = {10.1109/MS.2014.100},
  timestamp = {Mon, 08 Jun 2020 22:32:42 +0200},
  biburl    = {https://dblp.org/rec/journals/software/WachsmuthKV14.bib},
  bibsource = {dblp computer science bibliography, https://dblp.org}
}
